%browser statisik
@misc{noauthor_browser_nodate,
  title   = {Browser stats: {Browser} market share},
  url     = {https://www.stetic.com/market-share/browser/},
  urldate = {2022-05-03},
  file    = {Browser stats\: Browser market share:C\:\\Users\\1212t\\Zotero\\storage\\YVEQ3Y52\\browser.html:text/html}
}

%pohl (für die Anfoderungsanalyse)
@book{pohl_requirements_2008,
  address    = {Heidelberg},
  edition    = {2., korr},
  title      = {Requirements {Engineering}: {Grundlagen}, {Prinzipien},{Techniken}},
  isbn       = {978-3-89864-550-8},
  shorttitle = {Requirements {Engineering}},
  language   = {Deutsch},
  publisher  = {dpunkt.Verlag GmbH},
  author     = {Pohl, Klaus and Lauenroth, Kim and Sikora, Ernst and Weyer, Thorsten and Froese, Andreas and Halmans, G{\"u}nter and Metzger, Andreas},
  month      = jun,
  year       = {2008}
}

% Anforderungsschablone
@book{balzert2009,
  author    = {Balzert, H.},
  title     = {{Lehrbuch der Softwaretechnik: Basiskonzepte und Requirements Engineering}},
  year      = {2009},
  publisher = {{Spektrum Akademischer Verlag}},
  url       = {https://doi.org/10.1007/978-3-8274-2247-7}
}


@article{din_en_iso_9421-2102020-03_din_nodate,
  title        = {{DIN} {EN} {ISO} 9421-210:2020-03, Ergonomie der Mensch- System-Interaktion - Teil 210: Menschzentrierte Gestaltung interaktiver Systeme.},
  journaltitle = {{DIN}},
  author       = {{DIN} {EN} {ISO} 9421-210:2020-03},
  file         = {Neue ISO 9241-210 „Prozess zur Gestaltung gebrauchstauglicher Systeme“ ersetzt die ISO 13407 – ProContext Consulting GmbH:C\:\\Users\\1212t\\Zotero\\storage\\H7LNWVVL\\iso-9241210-prozess-zur-entwicklung-gebrauchstauglicher-interaktiver-systeme-veroeffentlicht.html:text/html}
}

% Herzeg buch
@book{herczeg_einfuhrung_2009,
  title     = {Einführung in die Medieninformatik},
  isbn      = {978-3-486-59346-4},
  url       = {https://www.degruyter.com/document/doi/10.1524/9783486593464/html?lang=de},
  publisher = {Oldenbourg Wissenschaftsverlag},
  author    = {Herczeg, Michael},
  year      = {2009},
  langid    = {german},
  doi       = {10.1524/9783486593464},
  note      = {Einführung in die Medieninformatik},
  keywords  = {Computer- und Medienkunst, Medientechnologie, Medientheorien, Software-Ergonomie, Softwareergonomie}
}


@book{herczeg_software-ergonomie_2018,
  address    = {Berlin ; Boston},
  edition    = {4. Auflage},
  series     = {De {Gruyter} {Studium}},
  title      = {Software-{Ergonomie}: {Theorien}, {Modelle} und {Kriterien} für gebrauchstaugliche interaktive {Computersysteme}},
  isbn       = {978-3-11-044685-2},
  shorttitle = {Software-{Ergonomie}},
  language   = {ger},
  publisher  = {De Gruyter Oldenbourg},
  author     = {Herczeg, Michael},
  year       = {2018},
  note       = {Backup Publisher: Walter de Gruyter GmbH \& Co. KG},
  keywords   = {Interaktive Medien / Softwareergonomie, Softwareergonomie / Mensch-Maschine-Kommunikation / Benutzeroberfläche / Dialogverarbeitung / Benutzerfreundlichkeit}
}



@online{noauthor_home_nodate,
  title    = {Home - Snipe-{IT} Open Source {IT} Asset Management},
  url      = {https://snipeitapp.com},
  abstract = {Snipe-{IT} is a free, open source {IT} asset management system that helps you manage assets, software licenses, accessories, components and consumables within your organization.},
  langid   = {english},
  file     = {Snapshot:C\:\\Users\\1212t\\Zotero\\storage\\JJ3R9CQI\\snipeitapp.com.html:text/html}
}


@inproceedings{attig_assessing_2017,
  address    = {Cham},
  series     = {Communications in {Computer} and {Information} {Science}},
  title      = {Assessing {Personality} {Differences} in {Human}-{Technology} {Interaction}: {An} {Overview} of {Key} {Self}-report {Scales} to {Predict} {Successful} {Interaction}},
  isbn       = {978-3-319-58750-9},
  shorttitle = {Assessing {Personality} {Differences} in {Human}-{Technology} {Interaction}},
  doi        = {10.1007/978-3-319-58750-9_3},
  abstract   = {For a comprehensive understanding of user diversity, a reliable and valid assessment of stable user characteristics is essential. In the field of human-technology interaction, a plethora of personality-related constructs linked to the experience of and interaction with technical systems has been discussed. A key question for researchers in the field is thus: Which are the key personality concepts and scales for characterizing inter-individual differences in user technology interaction? Based on a literature review and citation analysis, a structured overview of frequently used technology-related personality constructs and corresponding self-report scales is provided. Changes in the popularity and content of scales and concepts that occured over time as well as overlap between constructs and scales are discussed to facilitate scale selection.},
  language   = {en},
  booktitle  = {{HCI} {International} 2017 – {Posters}' {Extended} {Abstracts}},
  publisher  = {Springer International Publishing},
  author     = {Attig, Christiane and Wessel, Daniel and Franke, Thomas},
  editor     = {Stephanidis, Constantine},
  year       = {2017},
  keywords   = {Human-computer interaction, Human-technology interaction, Personality assessment},
  pages      = {19--29}
}



@book{dresing_praxisbuch_2016,
  address      = {Marburg},
  title        = {Praxisbuch {Interview}, {Transkription} \& {Analyse} - {Anleitungen} und {Regelsysteme} für qualitativ {Forschende}},
  isbn         = {978-3-8185-0489-2},
  language     = {ger},
  publisher    = {dr. dresing \& pehl GmbH},
  author       = {Dresing, Thorsten and Pehl, Thorsten},
  collaborator = {dr. dresing \& pehl GmbH},
  year         = {2016},
  keywords     = {Interview, qualitative Forschung, Inhaltsanalyse}
}

@article{middendorff2017wirtschaftliche,
  title   = {Die wirtschaftliche und soziale Lage der Studierenden in Deutschland 2016. 21},
  author  = {Middendorff, Elke and Apolinarski, Beate and Becker, Karsten and Bornkessel, Philipp and Brandt, Tasso and Hei{\ss}enberg, Sonja and Poskowsky, Jonas},
  journal = {Sozialerhebung des Deutschen Studentenwerks--durchgef{\"u}hrt vom Deutschen Zentrum f{\"u}r Hochschul-und Wissenschaftsforschung, Bundesministerium f{\"u}r Bildung und Forschung (BMBF). Zugriff am},
  volume  = {2},
  pages   = {2018},
  year    = {2017}
}


@misc{noauthor_studierende_nodate,
  title    = {Studierende im {Schnitt} 23,4 {Jahre} alt},
  author   = {Forschung & Lehre},
  url      = {https://www.forschung-und-lehre.de/lehre/studierende-im-schnitt-234-jahre-alt-3163},
  abstract = {Seit dem verkürzten Abitur sind mehr minderjährige Studierende an den Unis. Auch wächst das Interesse bei den über 60-Jährigen.},
  language = {de},
  urldate  = {2022-06-21},
  file     = {Snapshot:C\:\\Users\\1212t\\Zotero\\storage\\LVAGYYYF\\studierende-im-schnitt-234-jahre-alt-3163.html:text/html},
  year     = {2020}
}



@misc{experience_10_nodate,
  title    = {10 {Usability} {Heuristics} for {User} {Interface} {Design}},
  url      = {https://www.nngroup.com/articles/ten-usability-heuristics/},
  abstract = {Jakob Nielsen's 10 general principles for interaction design. They are called "heuristics" because they are broad rules of thumb and not specific usability guidelines.},
  language = {en},
  year     = {1994},
  urldate  = {2022-07-05},
  journal  = {Nielsen Norman Group},
  author   = {Experience, World Leaders in Research-Based User},
  file     = {Snapshot:C\:\\Users\\1212t\\Zotero\\storage\\27ZK9GTC\\ten-usability-heuristics.html:text/html}
}


@article{franke_personal_2019,
  title      = {A {Personal} {Resource} for {Technology} {Interaction}: {Development} and {Validation} of the {Affinity} for {Technology} {Interaction} ({ATI}) {Scale}},
  volume     = {35},
  issn       = {1044-7318},
  shorttitle = {A {Personal} {Resource} for {Technology} {Interaction}},
  url        = {https://doi.org/10.1080/10447318.2018.1456150},
  doi        = {10.1080/10447318.2018.1456150},
  abstract   = {Successful coping with technology is relevant for mastering daily life. Based on related conceptions, we propose affinity for technology interaction (ATI), defined as the tendency to actively engage in intensive technology interaction, as a key personal resource for coping with technology. We present the 9-item ATI scale, an economical unidimensional scale that assesses ATI as an interaction style rooted in the construct need for cognition (NFC). Results of multiple studies (n {\textgreater} 1500) showed that the scale achieves good to excellent reliability, exhibits expected moderate to high correlations with geekism, technology enthusiasm, NFC, self-reported success in technical problem-solving and technical system learning success, and also with usage of technical systems. Further, correlations of ATI with the Big Five personality dimensions were weak at most. Based on the results, the ATI scale appears to be a promising tool for research applications such as the characterization of user diversity in system usability tests and the construction of general models of user-technology interaction.},
  number     = {6},
  urldate    = {2022-07-11},
  journal    = {International Journal of Human–Computer Interaction},
  author     = {Franke, Thomas and Attig, Christiane and Wessel, Daniel},
  month      = apr,
  year       = {2019},
  note       = {Publisher: Taylor \& Francis
                \_eprint: https://doi.org/10.1080/10447318.2018.1456150},
  pages      = {456--467},
  file       = {Full Text PDF:C\:\\Users\\1212t\\Zotero\\storage\\2VKJPIXY\\Franke et al. - 2019 - A Personal Resource for Technology Interaction De.pdf:application/pdf;Snapshot:C\:\\Users\\1212t\\Zotero\\storage\\6S9BHS93\\10447318.2018.html:text/html}
}
